@INPROCEEDINGS{Radulescu2000,
  author={Radulescu, A. and van Gemund, A.J.C.},
  booktitle={Proceedings 9th Heterogeneous Computing Workshop (HCW 2000) (Cat. No.PR00556)}, 
  title={Fast and effective task scheduling in heterogeneous systems}, 
  year={2000},
  volume={},
  number={},
  pages={229-238},
  keywords={Costs;Algorithm design and analysis;Processor scheduling;Workstations;High-speed networks;IP networks;Runtime;Genetic algorithms;Minimization methods;Load management},
  doi={10.1109/HCW.2000.843747}}


@INPROCEEDINGS{Anderson2006,
  author={Anderson, J.H. and Calandrino, J.M. and Devi, U.C.},
  booktitle={12th IEEE Real-Time and Embedded Technology and Applications Symposium (RTAS'06)}, 
  title={Real-Time Scheduling on Multicore Platforms}, 
  year={2006},
  volume={},
  number={},
  pages={179-190},
  doi={10.1109/RTAS.2006.35}
  }
  
  @book{Hennessy2017,
author = {Hennessy, John L. and Patterson, David A.},
title = {Computer Architecture, Sixth Edition: A Quantitative Approach},
year = {2017},
isbn = {0128119055},
publisher = {Morgan Kaufmann Publishers Inc.},
address = {San Francisco, CA, USA},
edition = {6th}
}

@article{Padoin2015,
author = {Padoin, Edson Luiz and Pilla, Laércio Lima and Castro, Márcio and Boito, Francieli Z. and Alexandre Navaux, Philippe Olivier and Méhaut, Jean-François},
title = {Performance/energy trade-off in scientific computing: the case of ARM big.LITTLE and Intel Sandy Bridge},
journal = {IET Computers \& Digital Techniques},
volume = {9},
number = {1},
pages = {27-35},
keywords = {microcontrollers, power aware computing, power consumption, low-power electronics, performance-energy trade-off, scientific computing, ARM big.LITTLE processors, Intel Sandy Bridge-EP processor, exascale performance, low-power processors, power consumption constraints, energy consumption, data collection, sensors, platform-independent tool, energy data, heterogeneous systems, homogeneous systems, high performance processors, high-performance computing, NAS parallel benchmarks, real-world soil irrigation simulator},
doi = {https://doi.org/10.1049/iet-cdt.2014.0074},
url = {https://ietresearch.onlinelibrary.wiley.com/doi/abs/10.1049/iet-cdt.2014.0074},
eprint = {https://ietresearch.onlinelibrary.wiley.com/doi/pdf/10.1049/iet-cdt.2014.0074},
year = {2015}
}