@article{Brodtkorb2010,
author = {Brodtkorb, Andre R. and Dyken, Christopher and Hagen, Trond R. and Hjelmervik, Jon M. and Storaasli, Olaf O.},
title = {State-of-the-art in Heterogeneous Computing},
journal = {Scientific Programming},
volume = {18},
number = {1},
pages = {540159},
keywords = {Power-efficient architectures, parallel computer architecture, stream or vector architectures, energy and power consumption, microprocessor performance},
doi = {https://doi.org/10.3233/SPR-2009-0296},
url = {https://onlinelibrary.wiley.com/doi/abs/10.3233/SPR-2009-0296},
eprint = {https://onlinelibrary.wiley.com/doi/pdf/10.3233/SPR-2009-0296},
year = {2010}
}

@article{Shelepov2009,
author = {Shelepov, Daniel and Saez Alcaide, Juan Carlos and Jeffery, Stacey and Fedorova, Alexandra and Perez, Nestor and Huang, Zhi Feng and Blagodurov, Sergey and Kumar, Viren},
title = {HASS: a scheduler for heterogeneous multicore systems},
year = {2009},
issue_date = {April 2009},
publisher = {Association for Computing Machinery},
address = {New York, NY, USA},
volume = {43},
number = {2},
issn = {0163-5980},
url = {https://doi.org/10.1145/1531793.1531804},
doi = {10.1145/1531793.1531804},
journal = {SIGOPS Oper. Syst. Rev.},
month = apr,
pages = {66–75},
numpages = {10},
keywords = {scheduling, multicore, heterogeneous, asymmetric, architectural signatures}
}

@inproceedings{Radulescu1999_FCP,
author = {R\u{a}dulescu, Andrei and van Gemund, Arjan J. C.},
title = {On the complexity of list scheduling algorithms for distributed-memory systems},
year = {1999},
isbn = {158113164X},
publisher = {Association for Computing Machinery},
address = {New York, NY, USA},
url = {https://doi.org/10.1145/305138.305162},
doi = {10.1145/305138.305162},
booktitle = {Proceedings of the 13th International Conference on Supercomputing},
pages = {68–75},
numpages = {8},
location = {Rhodes, Greece},
series = {ICS '99}
}

@INPROCEEDINGS{Radulescu1999,
  author={Radulescu, A. and van Gemund, A.J.C.},
  booktitle={Proceedings of the 1999 International Conference on Parallel Processing}, 
  title={FLB: Fast Load Balancing for distributed-memory machines}, 
  year={1999},
  volume={},
  number={},
  pages={534-541},
  keywords={Load management;Costs;Processor scheduling;Scheduling algorithm;Identity-based encryption;Computer science},
  doi={10.1109/ICPP.1999.797442}}


@InProceedings{Augonnet2009,
author="Augonnet, C{\'e}dric
and Thibault, Samuel
and Namyst, Raymond
and Wacrenier, Pierre-Andr{\'e}",
editor="Sips, Henk
and Epema, Dick
and Lin, Hai-Xiang",
title="StarPU: A Unified Platform for Task Scheduling on Heterogeneous Multicore Architectures",
booktitle="Euro-Par 2009 Parallel Processing",
year="2009",
publisher="Springer Berlin Heidelberg",
address="Berlin, Heidelberg",
pages="863--874",
abstract="In the field of HPC, the current hardware trend is to design multiprocessor architectures that feature heterogeneous technologies such as specialized coprocessors (e.g. Cell/BE SPUs) or data-parallel accelerators (e.g. GPGPUs).",
isbn="978-3-642-03869-3"
}



@INPROCEEDINGS{Topcuoglu2002,
   author={Topcuoglu, H. and Hariri, S. and Min-You Wu},
  journal={IEEE Transactions on Parallel and Distributed Systems}, 
  title={Performance-effective and low-complexity task scheduling for heterogeneous computing}, 
  year={2002},
  volume={13},
  number={3},
  pages={260-274},
  keywords={Processor scheduling},
  doi={10.1109/71.993206}}



@INPROCEEDINGS{Samadi2018,
  author={Samadi, Yassir and Zbakh, Mostapha and Tadonki, Claude},
  booktitle={2018 International Conference on High Performance Computing \& Simulation (HPCS)}, 
  title={E-HEFT: Enhancement Heterogeneous Earliest Finish Time algorithm for Task Scheduling based on Load Balancing in Cloud Computing}, 
  year={2018},
  volume={},
  number={},
  pages={601-609},
  keywords={Task analysis;Cloud computing;Virtual machining;Scheduling;Load management;Scheduling algorithms},
  doi={10.1109/HPCS.2018.00100}}



@INPROCEEDINGS{Bittencourt2010,
  author={Bittencourt, Luiz F. and Sakellariou, Rizos and Madeira, Edmundo R. M.},
  booktitle={2010 18th Euromicro Conference on Parallel, Distributed and Network-based Processing}, 
  title={DAG Scheduling Using a Lookahead Variant of the Heterogeneous Earliest Finish Time Algorithm}, 
  year={2010},
  volume={},
  number={},
  pages={27-34},
  keywords={Scheduling algorithm;Processor scheduling;Computer networks;Concurrent computing;Distributed computing;Proposals;Computer science;Parallel processing;Computational efficiency;Data communication},
  doi={10.1109/PDP.2010.56}}


@INPROCEEDINGS{Topcuoglu1999,
  author={Topcuoglu, H. and Hariri, S. and Min-You Wu},
  booktitle={Proceedings. Eighth Heterogeneous Computing Workshop (HCW'99)}, 
  title={Task scheduling algorithms for heterogeneous processors}, 
  year={1999},
  volume={},
  number={},
  pages={3-14},
  keywords={Processor scheduling;Scheduling algorithm;Costs;Computational efficiency},
  doi={10.1109/HCW.1999.765092}}


@INPROCEEDINGS{Radulescu2000,
  author={Radulescu, A. and van Gemund, A.J.C.},
  booktitle={Proceedings 9th Heterogeneous Computing Workshop (HCW 2000) (Cat. No.PR00556)}, 
  title={Fast and effective task scheduling in heterogeneous systems}, 
  year={2000},
  volume={},
  number={},
  pages={229-238},
  keywords={Costs;Algorithm design and analysis;Processor scheduling;Workstations;High-speed networks;IP networks;Runtime;Genetic algorithms;Minimization methods;Load management},
  doi={10.1109/HCW.2000.843747}}


@INPROCEEDINGS{Anderson2006,
  author={Anderson, J.H. and Calandrino, J.M. and Devi, U.C.},
  booktitle={12th IEEE Real-Time and Embedded Technology and Applications Symposium (RTAS'06)}, 
  title={Real-Time Scheduling on Multicore Platforms}, 
  year={2006},
  volume={},
  number={},
  pages={179-190},
  doi={10.1109/RTAS.2006.35}
  }


@article{Padoin2015,
author = {Padoin, Edson Luiz and Pilla, Laércio Lima and Castro, Márcio and Boito, Francieli Z. and Alexandre Navaux, Philippe Olivier and Méhaut, Jean-François},
title = {Performance/energy trade-off in scientific computing: the case of ARM big.LITTLE and Intel Sandy Bridge},
journal = {IET Computers \& Digital Techniques},
volume = {9},
number = {1},
pages = {27-35},
keywords = {microcontrollers, power aware computing, power consumption, low-power electronics, performance-energy trade-off, scientific computing, ARM big.LITTLE processors, Intel Sandy Bridge-EP processor, exascale performance, low-power processors, power consumption constraints, energy consumption, data collection, sensors, platform-independent tool, energy data, heterogeneous systems, homogeneous systems, high performance processors, high-performance computing, NAS parallel benchmarks, real-world soil irrigation simulator},
doi = {https://doi.org/10.1049/iet-cdt.2014.0074},
url = {https://ietresearch.onlinelibrary.wiley.com/doi/abs/10.1049/iet-cdt.2014.0074},
eprint = {https://ietresearch.onlinelibrary.wiley.com/doi/pdf/10.1049/iet-cdt.2014.0074},
year = {2015}
}



@ARTICLE{Geer2005,
  author={Geer, D.},
  journal={Computer}, 
  title={Chip makers turn to multicore processors}, 
  year={2005},
  volume={38},
  number={5},
  pages={11-13},
  keywords={Multicore processing;Moore's Law;Computer performance;Computer industry;Manufacturing industries;Manufacturing processes;Energy efficiency;Silicon;Sun;Portable computers;multicore processors;dual-core chips;processor architectures},
  doi={10.1109/MC.2005.160}}


@ARTICLE{Nayfeh1997,
  author={Nayfeh, B.A. and Olukotun, K.},
  journal={Computer}, 
  title={A single-chip multiprocessor}, 
  year={1997},
  volume={30},
  number={9},
  pages={79-85},
  keywords={Parallel processing;Hardware;Surface-mount technology;Microarchitecture;Costs;Application software;Delay effects;Computer architecture;Circuits},
  doi={10.1109/2.612253}}


@INPROCEEDINGS{Kumar2003,
  author={Kumar, R. and Farkas, K.I. and Jouppi, N.P. and Ranganathan, P. and Tullsen, D.M.},
  booktitle={Proceedings. 36th Annual IEEE/ACM International Symposium on Microarchitecture, 2003. MICRO-36.}, 
  title={Single-ISA heterogeneous multi-core architectures: the potential for processor power reduction}, 
  year={2003},
  volume={},
  number={},
  pages={81-92},
  keywords={Computer architecture;Energy consumption;Frequency;Power dissipation;System software;Application software;Clocks;Computer science;Power engineering and energy;Milling machines},
  doi={10.1109/MICRO.2003.1253185}}


@INPROCEEDINGS{Chai2007,
  author={Chai, Lei and Gao, Qi and Panda, Dhabaleswar K.},
  booktitle={Seventh IEEE International Symposium on Cluster Computing and the Grid (CCGrid '07)}, 
  title={Understanding the Impact of Multi-Core Architecture in Cluster Computing: A Case Study with Intel Dual-Core System}, 
  year={2007},
  volume={},
  number={},
  pages={471-478},
  keywords={Computer architecture;Multicore processing;Scalability;Middleware;Supercomputers;Sun;Moore's Law;Costs;Parallel processing;Grid computing},
  doi={10.1109/CCGRID.2007.119}}


@INPROCEEDINGS{Gepner2006,
  author={Gepner, P. and Kowalik, M.F.},
  booktitle={International Symposium on Parallel Computing in Electrical Engineering (PARELEC'06)}, 
  title={Multi-Core Processors: New Way to Achieve High System Performance}, 
  year={2006},
  volume={},
  number={},
  pages={9-13},
  keywords={Multicore processing;System performance;Clocks;Parallel processing;Frequency;High performance computing;Microarchitecture;Computer architecture;History;Silicon},
  doi={10.1109/PARELEC.2006.54}
}


@article{Venkat2014,
author = {Venkat, Ashish and Tullsen, Dean M.},
title = {Harnessing ISA diversity: design of a heterogeneous-ISA chip multiprocessor},
year = {2014},
issue_date = {June 2014},
publisher = {Association for Computing Machinery},
address = {New York, NY, USA},
volume = {42},
number = {3},
issn = {0163-5964},
url = {https://doi.org/10.1145/2678373.2665692},
doi = {10.1145/2678373.2665692},
journal = {SIGARCH Comput. Archit. News},
month = jun,
pages = {121–132},
numpages = {12}
}



@article{Burmyakov2022,
  author       = {Artem Burmyakov and
                  Enrico Bini and
                  Chang{-}Gun Lee},
  title        = {Towards a Tractable Exact Test for Global Multiprocessor Fixed Priority
                  Scheduling},
  journal      = {{IEEE} Trans. Computers},
  volume       = {71},
  number       = {11},
  pages        = {2955--2967},
  year         = {2022},
  url          = {https://doi.org/10.1109/TC.2022.3142540},
  doi          = {10.1109/TC.2022.3142540},
  timestamp    = {Sun, 13 Nov 2022 17:52:41 +0100},
  biburl       = {https://dblp.org/rec/journals/tc/BurmyakovBL22.bib},
  bibsource    = {dblp computer science bibliography, https://dblp.org}
}

@inproceedings{Burmyakov2015,
author = {Burmyakov, Artem and Bini, Enrico and Tovar, Eduardo},
year = {2015},
month = {11},
pages = {225-234},
title = {An exact schedulability test for global FP using state space pruning},
doi = {10.1145/2834848.2834877}
}

@article{Burmyakov2021,
  author       = {Artem Burmyakov and
                  Borislav Nikolic},
  title        = {An exact comparison of global, partitioned, and semi-partitioned fixed-priority
                  real-time multiprocessor schedulers},
  journal      = {J. Syst. Archit.},
  volume       = {121},
  pages        = {102313},
  year         = {2021},
  url          = {https://doi.org/10.1016/j.sysarc.2021.102313},
  doi          = {10.1016/J.SYSARC.2021.102313},
  timestamp    = {Sat, 25 Dec 2021 15:49:35 +0100},
  biburl       = {https://dblp.org/rec/journals/jsa/BurmyakovN21.bib},
  bibsource    = {dblp computer science bibliography, https://dblp.org}
}

@incollection{Ratkovic2015,
title = {Chapter One - An Overview of Architecture-Level Power- and Energy-Efficient Design Techniques},
editor = {Ali R. Hurson},
series = {Advances in Computers},
publisher = {Elsevier},
volume = {98},
pages = {1-57},
year = {2015},
issn = {0065-2458},
doi = {https://doi.org/10.1016/bs.adcom.2015.04.001},
url = {https://www.sciencedirect.com/science/article/pii/S0065245815000303},
author = {Ivan Ratković and Nikola Bežanić and Osman S. Ünsal and Adrian Cristal and Veljko Milutinović}
}

@ARTICLE{Gonzalez1996,
  author={Gonzalez, R. and Horowitz, M.},
  journal={IEEE Journal of Solid-State Circuits}, 
  title={Energy dissipation in general purpose microprocessors}, 
  year={1996},
  volume={31},
  number={9},
  pages={1277-1284},
  keywords={Energy dissipation;Microprocessors;Energy efficiency;Energy consumption;Performance loss;Delay;Pipeline processing;Performance gain;Clocks;Network-on-a-chip},
  doi={10.1109/4.535411}}


@inproceedings{Brooks2000,
author = {Brooks, David and Tiwari, Vivek and Martonosi, Margaret},
title = {Wattch: a framework for architectural-level power analysis and optimizations},
year = {2000},
isbn = {1581132328},
publisher = {Association for Computing Machinery},
address = {New York, NY, USA},
url = {https://doi.org/10.1145/339647.339657},
doi = {10.1145/339647.339657},
booktitle = {Proceedings of the 27th Annual International Symposium on Computer Architecture},
pages = {83–94},
numpages = {12},
location = {Vancouver, British Columbia, Canada},
series = {ISCA '00}
}


@inproceedings{Joseph2001,
author = {Joseph, Russ and Martonosi, Margaret},
title = {Run-time power estimation in high performance microprocessors},
year = {2001},
isbn = {1581133715},
publisher = {Association for Computing Machinery},
address = {New York, NY, USA},
url = {https://doi.org/10.1145/383082.383119},
doi = {10.1145/383082.383119},
booktitle = {Proceedings of the 2001 International Symposium on Low Power Electronics and Design},
pages = {135–140},
numpages = {6},
location = {Huntington Beach, California, USA},
series = {ISLPED '01}
}

@inproceedings{Li2003,
author = {Li, Tao and John, Lizy Kurian},
title = {Run-time modeling and estimation of operating system power consumption},
year = {2003},
isbn = {1581136641},
publisher = {Association for Computing Machinery},
address = {New York, NY, USA},
url = {https://doi.org/10.1145/781027.781048},
doi = {10.1145/781027.781048},
pages = {160–171},
numpages = {12},
keywords = {low power, operating system, power estimation},
location = {San Diego, CA, USA},
series = {SIGMETRICS '03}
}



@inproceedings{Mogul1991,
  title={The effect of context switches on cache performance},
  author={Jeffrey C. Mogul and Anita Borg},
  booktitle={ASPLOS IV},
  year={1991},
  url={https://api.semanticscholar.org/CorpusID:9051432}
}

@inproceedings{David2007,
author = {David, Francis M. and Carlyle, Jeffrey C. and Campbell, Roy H.},
title = {Context switch overheads for Linux on ARM platforms},
year = {2007},
isbn = {9781595937513},
publisher = {Association for Computing Machinery},
address = {New York, NY, USA},
url = {https://doi.org/10.1145/1281700.1281703},
doi = {10.1145/1281700.1281703},
booktitle = {Proceedings of the 2007 Workshop on Experimental Computer Science},
pages = {3–es},
keywords = {context switch overhead, operating system},
location = {San Diego, California},
series = {ExpCS '07}
}

@inproceedings{McVoy1996,
author = {McVoy, Larry and Staelin, Carl},
title = {lmbench: portable tools for performance analysis},
year = {1996},
publisher = {USENIX Association},
address = {USA},
booktitle = {Proceedings of the 1996 Annual Conference on USENIX Annual Technical Conference},
pages = {23},
numpages = {1},
location = {San Diego, CA},
series = {ATEC '96}
}

@book{Hennessy2017,
author = {Hennessy, John L. and Patterson, David A.},
title = {Computer Architecture, Sixth Edition: A Quantitative Approach},
year = {2017},
isbn = {0128119055},
publisher = {Morgan Kaufmann Publishers Inc.},
address = {San Francisco, CA, USA},
edition = {6th}
}